<?xml version="1.0" encoding="UTF-8"?><collection xmlns="http://www.loc.gov/MARC21/slim"><record><leader>00489nam--2200181-i-4500</leader><controlfield tag="001">000044709</controlfield><controlfield tag="002">20161230</controlfield><controlfield tag="005">20161230201044</controlfield><controlfield tag="008">060222s1000------------r-----000-0-ger-d</controlfield><datafield ind1=" " ind2=" " tag="040"><subfield code="a">IFIN-HH</subfield></datafield><datafield ind1=" " ind2=" " tag="041"><subfield code="a">ger</subfield></datafield><datafield ind1="1" ind2=" " tag="100"><subfield code="a">Tiedeken, Robert</subfield></datafield><datafield ind1="1" ind2="0" tag="245"><subfield code="a">Strahlengang in optischen system</subfield><subfield code="c">Robert tiedeken</subfield></datafield><datafield ind1=" " ind2=" " tag="260"><subfield code="a">Leipzig</subfield><subfield code="b">Fachbuchverlag</subfield><subfield code="c">1956</subfield></datafield><datafield ind1=" " ind2=" " tag="300"><subfield code="a">197p.+84p</subfield></datafield><datafield ind1=" " ind2=" " tag="490"><subfield code="a">Lehrbuch Fur Den Optik-konstrukteur</subfield><subfield code="v">Band I</subfield></datafield><datafield ind1=" " ind2=" " tag="852"><subfield code="a">11831</subfield><subfield code="c">535</subfield></datafield><datafield ind1=" " ind2=" " tag="CAT"><subfield code="a">Sys</subfield><subfield code="c">20101018</subfield><subfield code="h">144907</subfield></datafield></record></collection>